@misc{shende_toffoli_2008,
      title={On the CNOT-cost of TOFFOLI gates}, 
      author={Vivek V. Shende and Igor L. Markov},
      year={2008},
      eprint={0803.2316},
      archivePrefix={arXiv},
      primaryClass={quant-ph},
      url={https://arxiv.org/abs/0803.2316}, 
}

@incollection{ding_circuit_2020,
  title     = {Circuit Synthesis and Compilation},
  author    = {Ding, Yongshan and Chong, Frederic T},
  booktitle = {Quantum Computer Systems: Research for Noisy Intermediate-Scale Quantum Computers},
  pages     = {91--125},
  year      = {2020},
  publisher = {Springer}
}

@article{liu_qm-dla_2024,
  title      = {{QM}-{DLA}: an efficient qubit mapping method based on dynamic look-ahead strategy},
  volume     = {14},
  issn       = {2045-2322},
  shorttitle = {{QM}-{DLA}},
  doi        = {10.1038/s41598-024-64061-0},
  language   = {en},
  number     = {1},
  urldate    = {2024-07-01},
  journal    = {Scientific Reports},
  author     = {Liu, Hui and Zhang, Bingjie and Zhu, Yu and Yang, Hanxiao and Zhao, Bo},
  month      = {06},
  year       = {2024},
  pages      = {13118}
}

@inproceedings{ash-saki_qure_2019,
  address    = {Las Vegas NV USA},
  title      = {{QURE}: {Qubit} {Re}-allocation in {Noisy} {Intermediate}-{Scale} {Quantum} {Computers}},
  isbn       = {978-1-4503-6725-7},
  shorttitle = {{QURE}},
  doi        = {10.1145/3316781.3317888},
  language   = {en},
  urldate    = {2024-07-31},
  booktitle  = {Proceedings of the 56th {Annual} {Design} {Automation} {Conference} 2019},
  publisher  = {ACM},
  author     = {Ash-Saki, Abdullah and Alam, Mahabubul and Ghosh, Swaroop},
  month      = {06},
  year       = {2019},
  pages      = {1--6}
}

@article{holmes_impact_2020,
  doi       = {10.1088/2058-9565/ab73e0},
  url       = {https://dx.doi.org/10.1088/2058-9565/ab73e0},
  year      = {2020},
  month     = {03},
  publisher = {IOP Publishing},
  volume    = {5},
  number    = {2},
  pages     = {025009},
  author    = {Adam Holmes and Sonika Johri and Gian Giacomo Guerreschi and James S Clarke and A Y Matsuura},
  title     = {Impact of qubit connectivity on quantum algorithm performance},
  journal   = {Quantum Science and Technology}
}

@inproceedings{murali_noise_adaptive_2019,
  address   = {Providence RI USA},
  title     = {Noise-{Adaptive} {Compiler} {Mappings} for {Noisy} {Intermediate}-{Scale} {Quantum} {Computers}},
  isbn      = {978-1-4503-6240-5},
  doi       = {10.1145/3297858.3304075},
  language  = {en},
  booktitle = {Proceedings of the {Twenty}-{Fourth} {International} {Conference} on {Architectural} {Support} for {Programming} {Languages} and {Operating} {Systems}},
  publisher = {ACM},
  author    = {Murali, Prakash and Baker, Jonathan M. and Javadi-Abhari, Ali and Chong, Frederic T. and Martonosi, Margaret},
  month     = {04},
  year      = {2019},
  pages     = {1015--1029}
}


@inproceedings{cornejo_connectivity_2010,
  author    = {Cornejo, Alejandro
               and Lynch, Nancy},
  editor    = {Lu, Chenyang
               and Masuzawa, Toshimitsu
               and Mosbah, Mohamed},
  title     = {Reliably Detecting Connectivity Using Local Graph Traits},
  booktitle = {Principles of Distributed Systems},
  year      = {2010},
  publisher = {Springer Berlin Heidelberg},
  address   = {Berlin, Heidelberg},
  pages     = {87-102},
  isbn      = {978-3-642-17653-1}
}

@article{parizek_fast_2019,
  author  = {Par{\'i}zek, Pavel
             and Lhot{\'a}k, Ond{\v{r}}ej},
  title   = {Fast detection of concurrency errors by state space traversal with randomization and early backtracking},
  journal = {International Journal on Software Tools for Technology Transfer},
  year    = {2019},
  month   = {08},
  day     = {01},
  volume  = {21},
  number  = {4},
  pages   = {365-400},
  issn    = {1433-2787},
  doi     = {10.1007/s10009-018-0484-7}
}

@inproceedings{cicconetti_resource_2022,
  author    = {Cicconetti, Claudio and Conti, Marco and Passarella, Andrea},
  booktitle = {2022 IEEE International Conference on Smart Computing (SMARTCOMP)},
  title     = {Resource Allocation in Quantum Networks for Distributed Quantum Computing},
  year      = {2022},
  volume    = {},
  number    = {},
  pages     = {124-132},
  doi       = {10.1109/SMARTCOMP55677.2022.00032}
}

@article{cuomo_optimized_2023,
  title    = {Optimized {Compiler} for {Distributed} {Quantum} {Computing}},
  volume   = {4},
  issn     = {2643-6809, 2643-6817},
  doi      = {10.1145/3579367},
  language = {en},
  number   = {2},
  journal  = {ACM Transactions on Quantum Computing},
  author   = {Cuomo, Daniele and Caleffi, Marcello and Krsulich, Kevin and Tramonto, Filippo and Agliardi, Gabriele and Prati, Enrico and Cacciapuoti, Angela Sara},
  month    = {06},
  year     = {2023},
  pages    = {1--29}
}


@article{hayes_graph_2000,
  issn      = {00030996},
  author    = {Hayes, Brian},
  journal   = {American Scientist},
  number    = {1},
  pages     = {9--13},
  publisher = {Sigma Xi, The Scientific Research Society},
  title     = {Computing Science: Graph Theory in Practice: Part I},
  urldate   = {2024-08-22},
  volume    = {88},
  year      = {2000}
}

@article{peham_optimal_2023,
  title    = {On {Optimal} {Subarchitectures} for {Quantum} {Circuit} {Mapping}},
  volume   = {4},
  issn     = {2643-6809, 2643-6817},
  doi      = {10.1145/3593594},
  language = {en},
  number   = {4},
  journal  = {ACM Transactions on Quantum Computing},
  author   = {Peham, Tom and Burgholzer, Lukas and Wille, Robert},
  month    = {12},
  year     = {2023},
  pages    = {1--20}
}

@article{houshmand_evolutionary_2020,
  author  = {Houshmand, Mahboobeh
             and Mohammadi, Zahra
             and Zomorodi-Moghadam, Mariam
             and Houshmand, Monireh},
  title   = {An Evolutionary Approach to Optimizing Teleportation Cost in Distributed Quantum Computation},
  journal = {International Journal of Theoretical Physics},
  year    = {2020},
  month   = {04},
  day     = {01},
  volume  = {59},
  number  = {4},
  pages   = {1315-1329},
  issn    = {1572-9575},
  doi     = {10.1007/s10773-020-04409-0}
}

@misc{boroglu_microservices_2024,
  title    = {Microservices},
  url      = {https://tolgaboroglu.medium.com/microservices-28b727e7f153},
  abstract = {What is a Monolith?},
  language = {en},
  urldate  = {2024-08-22},
  journal  = {Medium},
  author   = {Boroglu, Tolga},
  month    = {05},
  year     = {2024}
}


@article{niu_hardware_2020,
  author  = {Niu, Siyuan and Suau, Adrien and Staffelbach, Gabriel and Todri-Sanial, Aida},
  journal = {IEEE Transactions on Quantum Engineering},
  title   = {A Hardware-Aware Heuristic for the Qubit Mapping Problem in the NISQ Era},
  year    = {2020},
  volume  = {1},
  number  = {},
  pages   = {1-14},
  doi     = {10.1109/TQE.2020.3026544}
}


@article{sanaei_one_2019,
  author  = {Sanaei, Sajjad
             and Mohammadzadeh, Naser},
  title   = {Qubit mapping of one-way quantum computation patterns onto 2D nearest-neighbor architectures},
  journal = {Quantum Information Processing},
  year    = {2019},
  month   = {01},
  day     = {12},
  volume  = {18},
  number  = {2},
  pages   = {56},
  issn    = {1573-1332},
  doi     = {10.1007/s11128-019-2177-x}
}

@article{rudolph_decomposition_2024,
  title   = {Decomposition of matrix product states into shallow quantum circuits},
  volume  = {9},
  issn    = {2058-9565},
  doi     = {10.1088/2058-9565/ad04e6},
  number  = {1},
  journal = {Quantum Science and Technology},
  author  = {Rudolph, Manuel S and Chen, Jing and Miller, Jacob and Acharya, Atithi and Perdomo-Ortiz, Alejandro},
  month   = {01},
  year    = {2024},
  pages   = {015012}
}

@inproceedings{itoko_quantum_2019,
  address   = {Tokyo Japan},
  title     = {Quantum circuit compilers using gate commutation rules},
  isbn      = {978-1-4503-6007-4},
  doi       = {10.1145/3287624.3287701},
  language  = {en},
  booktitle = {Proceedings of the 24th {Asia} and {South} {Pacific} {Design} {Automation} {Conference}},
  publisher = {ACM},
  author    = {Itoko, Toshinari and Raymond, Rudy and Imamichi, Takashi and Matsuo, Atsushi and Cross, Andrew W.},
  month     = {01},
  year      = {2019},
  pages     = {191--196}
}

@misc{zhang_depth_2020,
  title     = {A {Depth}-{Aware} {Swap} {Insertion} {Scheme} for the {Qubit} {Mapping} {Problem}},
  copyright = {arXiv.org perpetual, non-exclusive license},
  doi       = {10.48550/ARXIV.2002.07289},
  urldate   = {2024-08-21},
  publisher = {arXiv},
  author    = {Zhang, Chi and Chen, Yanhao and Jin, Yuwei and Ahn, Wonsun and Zhang, Youtao and Zhang, Eddy Z.},
  year      = {2020}
}

@article{zulehner_efficient_2018,
  author   = {Zulehner, Alwin and Paler, Alexandru and Wille, Robert},
  journal  = {IEEE Transactions on Computer-Aided Design of Integrated Circuits and Systems},
  title    = {An Efficient Methodology for Mapping Quantum Circuits to the IBM QX Architectures},
  year     = {2019},
  volume   = {38},
  number   = {7},
  pages    = {1226-1236},
  keywords = {Quantum computing;Logic gates;Computer architecture;Computers;Optimization;Task analysis;Libraries;IBM QX;Mapping;Quantum circuits},
  doi      = {10.1109/TCAD.2018.2846658}
}

@inproceedings{siraichi_qubit_2018,
  address   = {Vienna Austria},
  title     = {Qubit allocation},
  isbn      = {978-1-4503-5617-6},
  doi       = {10.1145/3168822},
  language  = {en},
  urldate   = {2024-04-23},
  booktitle = {Proceedings of the 2018 {International} {Symposium} on {Code} {Generation} and {Optimization}},
  publisher = {ACM},
  author    = {Siraichi, Marcos Yukio and Santos, Vin√≠cius Fernandes Dos and Collange, Caroline and Pereira, Fernando Magno Quintao},
  month     = {02},
  year      = {2018},
  keywords  = {reading, main},
  pages     = {113--125}
}

@inproceedings{wille_revlib_2008,
  address    = {Dallas, TX, USA},
  title      = {{RevLib}: {An} {Online} {Resource} for {Reversible} {Functions} and {Reversible} {Circuits}},
  isbn       = {978-0-7695-3155-7},
  shorttitle = {{RevLib}},
  doi        = {10.1109/ISMVL.2008.43},
  booktitle  = {38th {International} {Symposium} on {Multiple} {Valued} {Logic} (ismvl 2008)},
  publisher  = {IEEE},
  author     = {Wille, Robert and Gro, Daniel and Teuber, Lisa and Dueck, Gerhard W. and Drechsler, Rolf},
  month      = {05},
  year       = {2008},
  note       = {ISSN: 0195-623X},
  pages      = {220--225}
}

@article{botea_complexity_2021,
  title    = {On the {Complexity} of {Quantum} {Circuit} {Compilation}},
  volume   = {9},
  issn     = {2832-9163, 2832-9171},
  doi      = {10.1609/socs.v9i1.18463},
  language = {en},
  number   = {1},
  journal  = {Proceedings of the International Symposium on Combinatorial Search},
  author   = {Botea, Adi and Kishimoto, Akihiro and Marinescu, Radu},
  month    = {09},
  year     = {2021},
  keywords = {swap},
  pages    = {138--142}
}

@article{bandic_interaction_2023,
  author  = {Bandic, Medina
             and Almudever, Carmen G.
             and Feld, Sebastian},
  title   = {Interaction graph-based characterization of quantum benchmarks for improving quantum circuit mapping techniques},
  journal = {Quantum Machine Intelligence},
  year    = {2023},
  month   = {10},
  day     = {06},
  volume  = {5},
  number  = {2},
  pages   = {40},
  issn    = {2524-4914},
  doi     = {10.1007/s42484-023-00124-1}
}

@misc{cross_open_2017,
  title         = {Open Quantum Assembly Language},
  author        = {Andrew W. Cross and Lev S. Bishop and John A. Smolin and Jay M. Gambetta},
  year          = {2017},
  eprint        = {1707.03429},
  archiveprefix = {arXiv},
  primaryclass  = {quant-ph},
  url           = {https://arxiv.org/abs/1707.03429}
}

@software{aleksandrowicz_qiskit_2019,
  title     = {Qiskit: An Open-source Framework for Quantum Computing},
  url       = {https://doi.org/10.5281/zenodo.2562111},
  version   = {0.7.2},
  publisher = {Zenodo},
  author    = {Aleksandrowicz, Gadi and Alexander, Thomas and Barkoutsos, Panagiotis and Bello, Luciano and Ben-Haim, Yael and Bucher, David and Cabrera-Hern√°ndez, Francisco Jose and Carballo-Franquis, Jorge and Chen, Adrian and Chen, Chun-Fu and Chow, Jerry M. and C√≥rcoles-Gonzales, Antonio D. and Cross, Abigail J. and Cross, Andrew and Cruz-Benito, Juan and Culver, Chris and Gonz√°lez, Salvador De La Puente and Torre, Enrique De La and Ding, Delton and Dumitrescu, Eugene and Duran, Ivan and Eendebak, Pieter and Everitt, Mark and Sertage, Ismael Faro and Frisch, Albert and Fuhrer, Andreas and Gambetta, Jay and Gago, Borja Godoy and Gomez-Mosquera, Juan and Greenberg, Donny and Hamamura, Ikko and Havlicek, Vojtech and Hellmers, Joe and Herok, ≈Åukasz and Horii, Hiroshi and Hu, Shaohan and Imamichi, Takashi and Itoko, Toshinari and Javadi-Abhari, Ali and Kanazawa, Naoki and Karazeev, Anton and Krsulich, Kevin and Liu, Peng and Luh, Yang and Maeng, Yunho and Marques, Manoel and Mart√≠n-Fern√°ndez, Francisco Jose and {McClure}, Douglas T. and {McKay}, David and Meesala, Srujan and Mezzacapo, Antonio and Moll, Nikolaj and Rodr√≠guez, Diego Moreda and Nannicini, Giacomo and Nation, Paul and Ollitrault, Pauline and O'Riordan, Lee James and Paik, Hanhee and P√©rez, Jes√∫s and Phan, Anna and Pistoia, Marco and Prutyanov, Viktor and Reuter, Max and Rice, Julia and Davila, Abd√≥n Rodr√≠guez and Rudy, Raymond Harry Putra and Ryu, Mingi and Sathaye, Ninad and Schnabel, Chris and Schoute, Eddie and Setia, Kanav and Shi, Yunong and Silva, Adenilton and Siraichi, Yukio and Sivarajah, Seyon and Smolin, John A. and Soeken, Mathias and Takahashi, Hitomi and Tavernelli, Ivano and Taylor, Charles and Taylour, Pete and Trabing, Kenso and Treinish, Matthew and Turner, Wes and Vogt-Lee, Desiree and Vuillot, Christophe and Wildstrom, Jonathan A. and Wilson, Jessica and Winston, Erick and Wood, Christopher and Wood, Stephen and W√∂rner, Stefan and Akhalwaya, Ismail Yunus and Zoufal, Christa},
  date      = {2019-02},
  doi       = {10.5281/zenodo.2562111}
}


@article{barenco_elementary_1995,
  title     = {Elementary gates for quantum computation},
  author    = {Barenco, Adriano and Bennett, Charles H. and Cleve, Richard and DiVincenzo, David P. and Margolus, Norman and Shor, Peter and Sleator, Tycho and Smolin, John A. and Weinfurter, Harald},
  journal   = {Phys. Rev. A},
  volume    = {52},
  issue     = {5},
  pages     = {3457--3467},
  numpages  = {0},
  year      = {1995},
  month     = {11},
  publisher = {American Physical Society},
  doi       = {10.1103/PhysRevA.52.3457}
}


@article{ferrari_compiler_2021,
  title    = {Compiler {Design} for {Distributed} {Quantum} {Computing}},
  volume   = {2},
  issn     = {2689-1808},
  doi      = {10.1109/TQE.2021.3053921},
  language = {en},
  journal  = {IEEE Transactions on Quantum Engineering},
  author   = {Ferrari, Davide and Cacciapuoti, Angela Sara and Amoretti, Michele and Caleffi, Marcello},
  year     = {2021},
  keywords = {multicore},
  pages    = {1--20}
}

@article{krantz_quantum_2019,
  author  = {Krantz, P. and Kjaergaard, M. and Yan, F. and Orlando, T. P. and Gustavsson, S. and Oliver, W. D.},
  title   = {A quantum engineer's guide to superconducting qubits},
  journal = {Applied Physics Reviews},
  volume  = {6},
  number  = {2},
  pages   = {021318},
  year    = {2019},
  month   = {06},
  issn    = {1931-9401},
  doi     = {10.1063/1.5089550}
}

@article{cuomo_towards_2020,
  author  = {Cuomo, Daniele and Caleffi, Marcello and Cacciapuoti, Angela Sara},
  title   = {Towards a distributed quantum computing ecosystem},
  journal = {IET Quantum Communication},
  volume  = {1},
  number  = {1},
  pages   = {3-8},
  doi     = {https://doi.org/10.1049/iet-qtc.2020.0002},
  year    = {2020}
}

@article{caleffi_distributed_2024,
  title   = {Distributed quantum computing: A survey},
  journal = {Computer Networks},
  pages   = {110672},
  year    = {2024},
  issn    = {1389-1286},
  doi     = {https://doi.org/10.1016/j.comnet.2024.110672},
  author  = {Marcello Caleffi and Michele Amoretti and Davide Ferrari and Jessica Illiano and Antonio Manzalini and Angela Sara Cacciapuoti}
}

@article{peruzzo_variational_2014,
  author  = {Peruzzo, Alberto
             and McClean, Jarrod
             and Shadbolt, Peter
             and Yung, Man-Hong
             and Zhou, Xiao-Qi
             and Love, Peter J.
             and Aspuru-Guzik, Al{\'a}n
             and O'Brien, Jeremy L.},
  title   = {A variational eigenvalue solver on a photonic quantum processor},
  journal = {Nature Communications},
  year    = {2014},
  month   = {07},
  day     = {23},
  volume  = {5},
  number  = {1},
  pages   = {4213},
  issn    = {2041-1723},
  doi     = {10.1038/ncomms5213}
}
@article{paler_machine_2023,
  title     = {Machine learning optimization of quantum circuit layouts},
  author    = {Paler, Alexandru and Sasu, Lucian and Florea, Adrian-Catalin and Andonie, Razvan},
  journal   = {ACM Transactions on Quantum Computing},
  volume    = {4},
  number    = {2},
  pages     = {1--25},
  year      = {2023},
  doi       = {10.1145/3565271},
  month     = {02},
  articleno = {12},
  numpages  = {25},
  publisher = {ACM New York, NY}
}

@article{Cao2019,
  author    = {Cao, Yudong
               and Romero, Jonathan
               and Olson, Jonathan P.
               and Degroote, Matthias
               and Johnson, Peter D.
               and Kieferov{\'a}, M{\'a}ria
               and Kivlichan, Ian D.
               and Menke, Tim
               and Peropadre, Borja
               and Sawaya, Nicolas P. D.
               and Sim, Sukin
               and Veis, Libor
               and Aspuru-Guzik, Al{\'a}n},
  title     = {Quantum Chemistry in the Age of Quantum Computing},
  journal   = {Chemical Reviews},
  year      = {2019},
  month     = {10},
  day       = {09},
  publisher = {American Chemical Society},
  volume    = {119},
  number    = {19},
  pages     = {10856-10915},
  issn      = {0009-2665},
  doi       = {10.1021/acs.chemrev.8b00803}
}


@article{preskill_quantum_2018,
  title   = {Quantum {Computing} in the {NISQ} era and beyond},
  volume  = {2},
  issn    = {2521-327X},
  doi     = {10.22331/q-2018-08-06-79},
  journal = {Quantum},
  author  = {Preskill, John},
  month   = {08},
  year    = {2018},
  pages   = {79}
}

@article{cowtan_qubit_2019,
	title = {On the {Qubit} {Routing} {Problem}},
	copyright = {Creative Commons Attribution 3.0 Unported license, info:eu-repo/semantics/openAccess},
	issn = {1868-8969},
	doi = {10.4230/LIPICS.TQC.2019.5},
	language = {en},
	author = {Cowtan, Alexander and Dilkes, Silas and Duncan, Ross and Krajenbrink, Alexandre and Simmons, Will and Sivarajah, Seyon},
	collaborator = {van Dam, Wim and Mancinska, Laura},
	year = {2019},
journal={arXiv preprint arXiv:1902.08091},
	pages = {32 pages, 1190396 bytes},
}

@misc{gokhale_faster_2021,
	title = {Faster and {More} {Reliable} {Quantum} {SWAPs} via {Native} {Gates}},
	copyright = {arXiv.org perpetual, non-exclusive license},
	doi = {10.48550/ARXIV.2109.13199},
	urldate = {2024-08-23},
	publisher = {arXiv},
	author = {Gokhale, Pranav and Tomesh, Teague and Suchara, Martin and Chong, Frederic T.},
	year = {2021},
}


@inproceedings{khandavilli_towards_2023,
	address = {Bellevue, WA, USA},
	title = {Towards {Fidelity}-{Optimal} {Qubit} {Mapping} on {NISQ} {Computers}},
	copyright = {https://doi.org/10.15223/policy-029},
	isbn = {9798350343236},
	doi = {10.1109/QCE57702.2023.00019},
	language = {en},
	booktitle = {2023 {IEEE} {International} {Conference} on {Quantum} {Computing} and {Engineering} ({QCE})},
	publisher = {IEEE},
	author = {Khandavilli, Sri and Palanisamy, Indu and Nguyen, Manh V. and Le, Thinh V. and Nguyen, Tu N. and Dinh, Thang N.},
	month = {09},
	year = {2023},
	pages = {89--98},
	}


@inproceedings{wille_mqt_2023,
	title = {{MQT} {QMAP}: {Efficient} {Quantum} {Circuit} {Mapping}},
	shorttitle = {{MQT} {QMAP}},
	doi = {10.1145/3569052.3578928},
	urldate = {2024-02-19},
	booktitle = {Proceedings of the 2023 {International} {Symposium} on {Physical} {Design}},
	author = {Wille, Robert and Burgholzer, Lukas},
	month = {03},
	year = {2023},
	note = {arXiv:2301.11935 [quant-ph]},
	pages = {198--204},
}

@article{quetschlich_mqt_2023,
  title      = {{MQT} {Bench}: {Benchmarking} {Software} and {Design} {Automation} {Tools} for {Quantum} {Computing}},
  volume     = {7},
  issn       = {2521-327X},
  shorttitle = {{MQT} {Bench}},
  doi        = {10.22331/q-2023-07-20-1062},
  journal    = {Quantum},
  author     = {Quetschlich, Nils and Burgholzer, Lukas and Wille, Robert},
  month      = {07},
  year       = {2023},
  note       = {arXiv:2204.13719 [quant-ph]},
  keywords   = {Quantum Physics, Computer Science - Emerging Technologies, dataset},
  pages      = {1062}
}

@article{zhu_dynamic_2020,
  title    = {A {Dynamic} {Look}-{Ahead} {Heuristic} for the {Qubit} {Mapping} {Problem} of {NISQ} {Computers}},
  volume   = {39},
  issn     = {0278-0070, 1937-4151},
  doi      = {10.1109/TCAD.2020.2970594},
  language = {en},
  number   = {12},
  journal  = {IEEE Transactions on Computer-Aided Design of Integrated Circuits and Systems},
  author   = {Zhu, Pengcheng and Guan, Zhijin and Cheng, Xueyun},
  month    = {12},
  year     = {2020},
  keywords = {reading, swap, algorithm},
  pages    = {4721--4735}
}

@article{corcoles_exploiting_2021,
  title     = {Exploiting Dynamic Quantum Circuits in a Quantum Algorithm with Superconducting Qubits},
  volume    = {127},
  issn      = {1079-7114},
  doi       = {10.1103/physrevlett.127.100501},
  number    = {10},
  journal   = {Physical Review Letters},
  publisher = {American Physical Society (APS)},
  author    = {Corcoles, A.D. and Takita, Maika and Inoue, Ken and Lekuch, Scott and Minev, Zlatko K. and Chow, Jerry M. and Gambetta, Jay M.},
  year      = {2021},
  month     = {08}
}

@article{itoko_optimization_2020,
  title        = {Optimization of quantum circuit mapping using gate transformation and commutation},
  volume       = {70},
  issn         = {01679260},
  doi          = {10.1016/j.vlsi.2019.10.004},
  pages        = {43--50},
  journaltitle = {Integration},
  shortjournal = {Integration},
  author       = {Itoko, Toshinari and Raymond, Rudy and Imamichi, Takashi and Matsuo, Atsushi},
  date         = {2020-01},
  langid       = {english}
}

@inproceedings{li_tackling_2019,
  location   = {Providence {RI} {USA}},
  title      = {Tackling the Qubit Mapping Problem for {NISQ}-Era Quantum Devices},
  isbn       = {978-1-4503-6240-5},
  doi        = {10.1145/3297858.3304023},
  eventtitle = {{ASPLOS} '19: Architectural Support for Programming Languages and Operating Systems},
  pages      = {1001--1014},
  booktitle  = {Proceedings of the Twenty-Fourth International Conference on Architectural Support for Programming Languages and Operating Systems},
  publisher  = {{ACM}},
  author     = {Li, Gushu and Ding, Yufei and Xie, Yuan},
  date       = {2019-04-04},
  langid     = {english}
}

%% Qiskit online documentation %%

@misc{ibmquantum_target,
  title    = {Target},
  url      = {https://docs.quantum.ibm.com/api/qiskit/qiskit.transpiler.Target},
  abstract = {API reference for qiskit.transpiler.Target},
  language = {en},
  urldate  = {2024-07-30},
  journal  = {IBM Quantum Documentation},
  author   = {IBMQuantum}
}

@misc{ibmquantum_result,
  title    = {Result},
  url      = {https://docs.quantum.ibm.com/api/qiskit/qiskit.result.Result},
  abstract = {API reference for qiskit.result.Result},
  language = {en},
  urldate  = {2024-08-14},
  journal  = {IBM Quantum Documentation},
  author   = {IBMQuantum}
}

@misc{ibmquantum_genericbackendv2,
  title    = {{GenericBackendV2}},
  url      = {https://docs.quantum.ibm.com/api/qiskit/qiskit.providers.fake_provider.GenericBackendV2},
  abstract = {API reference for qiskit.providers.fake\_provider.GenericBackendV2},
  language = {en},
  urldate  = {2024-07-29},
  journal  = {IBM Quantum Documentation},
  author   = {IBMQuantum}
}

@misc{ibmquantum_couplingmap,
  title    = {{CouplingMap}},
  url      = {https://docs.quantum.ibm.com/api/qiskit/qiskit.transpiler.CouplingMap},
  abstract = {API reference for qiskit.transpiler.CouplingMap},
  language = {en},
  urldate  = {2024-07-18},
  journal  = {IBM Quantum Documentation},
  author   = {IBMQuantum}
}

@misc{ibmquantum_transformationpass,
  title    = {{TransformationPass}},
  url      = {https://docs.quantum.ibm.com/api/qiskit/qiskit.transpiler.TransformationPass},
  abstract = {API reference for qiskit.transpiler.TransformationPass},
  language = {en},
  urldate  = {2024-07-11},
  journal  = {IBM Quantum Documentation},
  author   = {IBMQuantum}
}

@misc{ibmquantum_analysispass,
  title    = {{AnalysisPass}},
  url      = {https://docs.quantum.ibm.com/api/qiskit/qiskit.transpiler.AnalysisPass},
  abstract = {API reference for qiskit.transpiler.AnalysisPass},
  language = {en},
  urldate  = {2024-07-28},
  journal  = {IBM Quantum Documentation},
  author   = {IBMQuantum}
}

@misc{ibmquantum_basicswap,
  title    = {{BasicSwap}},
  url      = {https://docs.quantum.ibm.com/api/qiskit/qiskit.transpiler.passes.BasicSwap},
  abstract = {API reference for qiskit.transpiler.passes.BasicSwap},
  language = {en},
  urldate  = {2024-07-31},
  journal  = {IBM Quantum Documentation},
  author   = {IBMQuantum}
}

@misc{ibmquantum_sabreswap,
  title    = {{SabreSwap}},
  url      = {https://docs.quantum.ibm.com/api/qiskit/qiskit.transpiler.passes.SabreSwap},
  abstract = {API reference for qiskit.transpiler.passes.SabreSwap},
  language = {en},
  urldate  = {2024-07-31},
  journal  = {IBM Quantum Documentation},
  author   = {IBMQuantum}
}

@misc{ibmquantum_lookaheadswap,
  title    = {{LookaheadSwap}},
  url      = {https://docs.quantum.ibm.com/api/qiskit/qiskit.transpiler.passes.LookaheadSwap},
  abstract = {API reference for qiskit.transpiler.passes.LookaheadSwap},
  language = {en},
  urldate  = {2024-07-31},
  journal  = {IBM Quantum Documentation},
  author   = {IBMQuantum}
}

@misc{ibmquantum_transpiler,
  title    = {transpiler},
  url      = {https://docs.quantum.ibm.com/api/qiskit/transpiler},
  abstract = {API reference for qiskit.transpiler},
  language = {en},
  urldate  = {2024-06-13},
  journal  = {IBM Quantum Documentation},
  author   = {IBMQuantum},
  keywords = {website}
}

@misc{ibmquantum_fakelondonv2,
  title    = {{FakeLondonV2}},
  url      = {https://docs.quantum.ibm.com/api/qiskit-ibm-runtime/qiskit_ibm_runtime.fake_provider.FakeLondonV2},
  abstract = {API reference for qiskit\_ibm\_runtime.fake\_provider.FakeLondonV2},
  language = {en},
  urldate  = {2024-07-28},
  journal  = {IBM Quantum Documentation},
  author   = {IBMQuantum}
}

@misc{ibmquantum_dagcircuit,
  title    = {{DAGCircuit}},
  url      = {https://docs.quantum.ibm.com/api/qiskit/qiskit.dagcircuit.DAGCircuit},
  abstract = {API reference for qiskit.dagcircuit.DAGCircuit},
  language = {en},
  urldate  = {2024-08-11},
  journal  = {IBM Quantum Documentation},
  author   = {IBMQuantum}
}

@misc{ibmquantum_quantumcircuit,
  title    = {{QuantumCircuit}},
  url      = {https://docs.quantum.ibm.com/api/qiskit/qiskit.circuit.QuantumCircuit},
  abstract = {API reference for qiskit.circuit.QuantumCircuit},
  language = {en},
  urldate  = {2024-06-13},
  journal  = {IBM Quantum Documentation},
  author   = {IBMQuantum}
}

@misc{ibmquantum_layout,
  title    = {Layout},
  url      = {https://docs.quantum.ibm.com/api/qiskit/qiskit.transpiler.Layout},
  abstract = {API reference for qiskit.transpiler.Layout},
  language = {en},
  urldate  = {2024-07-29},
  journal  = {IBM Quantum Documentation},
  author   = {IBMQuantum}
}

@misc{ibmquantum_triviallayout,
  title    = {{TrivialLayout}},
  url      = {https://docs.quantum.ibm.com/api/qiskit/qiskit.transpiler.passes.TrivialLayout},
  abstract = {API reference for qiskit.transpiler.passes.TrivialLayout},
  language = {en},
  urldate  = {2024-07-17},
  journal  = {IBM Quantum Documentation},
  author   = {IBMQuantum}
}

@misc{ibmquantum_nativegates,
  title   = {Native Gates and Operations},
  url     = {https://docs.quantum.ibm.com/run/native-gates},
  urldate = {2024-03-13},
  author  = {IBMQuantum}
}

@misc{ibmquantum_computeresources,
  author  = {IBMQuantum},
  url     = {https://quantum.ibm.com/services/resources},
  title   = {Compute resources},
  urldate = {2024-03-13}
}